%---------------------------------------------------------------------------%
%-                                                                         -%
%-                             Bibliography                                -%
%-                                                                         -%
%---------------------------------------------------------------------------%
@article{chandola2009anomaly,
  title={Anomaly detection: A survey},
  author={Chandola, Varun and Banerjee, Arindam and Kumar, Vipin},
  journal={ACM computing surveys (CSUR)},
  volume={41},
  number={3},
  pages={15},
  year={2009},
  publisher={ACM}
}

@inproceedings{lin2014microsoft,
  title={Microsoft coco: Common objects in context},
  author={Lin, Tsung-Yi and Maire, Michael and Belongie, Serge and Hays, James and Perona, Pietro and Ramanan, Deva and Doll{\'a}r, Piotr and Zitnick, C Lawrence},
  booktitle={European conference on computer vision},
  pages={740--755},
  year={2014},
  organization={Springer}
}

@article{uijlings2013selective,
  title={Selective search for object recognition},
  author={Uijlings, Jasper RR and Van De Sande, Koen EA and Gevers, Theo and Smeulders, Arnold WM},
  journal={International journal of computer vision},
  volume={104},
  number={2},
  pages={154--171},
  year={2013},
  publisher={Springer}
}

@inproceedings{szegedy2015going,
  title={Going deeper with convolutions},
  author={Szegedy, Christian and Liu, Wei and Jia, Yangqing and Sermanet, Pierre and Reed, Scott and Anguelov, Dragomir and Erhan, Dumitru and Vanhoucke, Vincent and Rabinovich, Andrew},
  booktitle={Proceedings of the IEEE conference on computer vision and pattern recognition},
  pages={1--9},
  year={2015}
}

@inproceedings{hosang2017learning,
  title={Learning non-maximum suppression},
  author={Hosang, Jan and Benenson, Rodrigo and Schiele, Bernt},
  booktitle={Proceedings of the IEEE Conference on Computer Vision and Pattern Recognition},
  pages={4507--4515},
  year={2017}
}

@article{1li2012analysis,
  title={Analysis and prediction of breast cancer incidence trend in China},
  author={Li, N and Zheng, RS and Zhang, SW and Zou, XN and Zeng, HM and Dai, Zhen and Chen, WQ},
  journal={Zhonghua yu fang yi xue za zhi [Chinese journal of preventive medicine]},
  volume={46},
  number={8},
  pages={703--707},
  year={2012}
}

@phdthesis{2冀焕梅2003乳腺良恶性肿瘤的钼靶,
  title={乳腺良恶性肿瘤的钼靶 X 线鉴别诊断},
  author={冀焕梅 and 任炜 and 王丽君 and 韩军 and 梁秀芬},
  year={2003}
}

@article{3sathish2016medical,
  title={Medical imaging techniques and computer aided diagnostic approaches for the detection of breast cancer with an emphasis on thermography-a review},
  author={Sathish, Dayakshini and Kamath, Surekha and Rajagopal, KV and Prasad, Keerthana},
  journal={International Journal of Medical Engineering and Informatics},
  volume={8},
  number={3},
  pages={275--299},
  year={2016},
  publisher={Inderscience Publishers (IEL)}
}
@article{4陈诗慧2017基于深度学习和医学图像的癌症计算机辅助诊断研究进展,
  title={基于深度学习和医学图像的癌症计算机辅助诊断研究进展},
  author={陈诗慧 and 刘维湘 and 秦璟 and 陈亮亮 and 宾果 and 周煜翔 and 汪天富 and 黄炳升},
  journal={生物医学工程学杂志},
  volume={34},
  number={2},
  pages={314r319},
  year={2017}
}

@inproceedings{5riedmiller1993direct,
  title={A direct adaptive method for faster backpropagation learning: The RPROP algorithm},
  author={Riedmiller, Martin and Braun, Heinrich},
  booktitle={Proceedings of the IEEE international conference on neural networks},
  volume={1993},
  pages={586--591},
  year={1993},
  organization={San Francisco}
}

@article{6hinton2006fast,
  title={A fast learning algorithm for deep belief nets},
  author={Hinton, Geoffrey E and Osindero, Simon and Teh, Yee-Whye},
  journal={Neural computation},
  volume={18},
  number={7},
  pages={1527--1554},
  year={2006},
  publisher={MIT Press}
}

@inproceedings{7krizhevsky2012imagenet,
  title={Imagenet classification with deep convolutional neural networks},
  author={Krizhevsky, Alex and Sutskever, Ilya and Hinton, Geoffrey E},
  booktitle={Advances in neural information processing systems},
  pages={1097--1105},
  year={2012}
}

@inproceedings{8he2016deep,
  title={Deep residual learning for image recognition},
  author={He, Kaiming and Zhang, Xiangyu and Ren, Shaoqing and Sun, Jian},
  booktitle={Proceedings of the IEEE conference on computer vision and pattern recognition},
  pages={770--778},
  year={2016}
}

@inproceedings{9nair2010rectified,
  title={Rectified linear units improve restricted boltzmann machines},
  author={Nair, Vinod and Hinton, Geoffrey E},
  booktitle={Proceedings of the 27th international conference on machine learning (ICML-10)},
  pages={807--814},
  year={2010}
}

@article{10morris2017technology,
  title={Technology watch: AI can diagnose diabetic retinopathy},
  author={Morris, Alan},
  journal={Nature Reviews Endocrinology},
  volume={14},
  number={2},
  pages={65},
  year={2017},
  publisher={Nature Publishing Group}
}

@article{11long2017artificial,
  title={An artificial intelligence platform for the multihospital collaborative management of congenital cataracts},
  author={Long, Erping and Lin, Haotian and Liu, Zhenzhen and Wu, Xiaohang and Wang, Liming and Jiang, Jiewei and An, Yingying and Lin, Zhuoling and Li, Xiaoyan and Chen, Jingjing and others},
  journal={Nature biomedical engineering},
  volume={1},
  number={2},
  pages={0024},
  year={2017},
  publisher={Nature Publishing Group}
}

@article{12esteva2017dermatologist,
  title={Dermatologist-level classification of skin cancer with deep neural networks},
  author={Esteva, Andre and Kuprel, Brett and Novoa, Roberto A and Ko, Justin and Swetter, Susan M and Blau, Helen M and Thrun, Sebastian},
  journal={Nature},
  volume={542},
  number={7639},
  pages={115},
  year={2017},
  publisher={Nature Publishing Group}
}

@article{13kermany2018identifying,
  title={Identifying medical diagnoses and treatable diseases by image-based deep learning},
  author={Kermany, Daniel S and Goldbaum, Michael and Cai, Wenjia and Valentim, Carolina CS and Liang, Huiying and Baxter, Sally L and McKeown, Alex and Yang, Ge and Wu, Xiaokang and Yan, Fangbing and others},
  journal={Cell},
  volume={172},
  number={5},
  pages={1122--1131},
  year={2018},
  publisher={Elsevier}
}

@article{14liu2017detecting,
  title={Detecting cancer metastases on gigapixel pathology images},
  author={Liu, Yun and Gadepalli, Krishna and Norouzi, Mohammad and Dahl, George E and Kohlberger, Timo and Boyko, Aleksey and Venugopalan, Subhashini and Timofeev, Aleksei and Nelson, Philip Q and Corrado, Greg S and others},
  journal={arXiv preprint arXiv:1703.02442},
  year={2017}
}

@article{15pan2010survey,
  title={A survey on transfer learning},
  author={Pan, Sinno Jialin and Yang, Qiang},
  journal={IEEE Transactions on knowledge and data engineering},
  volume={22},
  number={10},
  pages={1345--1359},
  year={2010},
  publisher={IEEE}
}

@inproceedings{16zhu2017deep,
  title={Deep multi-instance networks with sparse label assignment for whole mammogram classification},
  author={Zhu, Wentao and Lou, Qi and Vang, Yeeleng Scott and Xie, Xiaohui},
  booktitle={International Conference on Medical Image Computing and Computer-Assisted Intervention},
  pages={603--611},
  year={2017},
  organization={Springer}
}

@article{17levy2016breast,
  title={Breast mass classification from mammograms using deep convolutional neural networks},
  author={L{\'e}vy, Daniel and Jain, Arzav},
  journal={arXiv preprint arXiv:1612.00542},
  year={2016}
}

@article{18shen2017end,
  title={End-to-end training for whole image breast cancer diagnosis using an all convolutional design},
  author={Shen, Li},
  journal={arXiv preprint arXiv:1708.09427},
  year={2017}
}

@inproceedings{19krizhevsky2012imagenet,
  title={Imagenet classification with deep convolutional neural networks},
  author={Krizhevsky, Alex and Sutskever, Ilya and Hinton, Geoffrey E},
  booktitle={Advances in neural information processing systems},
  pages={1097--1105},
  year={2012}
}

@article{20simonyan2014very,
  title={Very deep convolutional networks for large-scale image recognition},
  author={Simonyan, Karen and Zisserman, Andrew},
  journal={arXiv preprint arXiv:1409.1556},
  year={2014}
}

@misc{21lee2018curated,
  title={Curated breast imaging subset of ddsm. The Cancer Imaging Archive},
  author={Lee, Rebecca Sawyer and Gimenez, Francisco and Hoogi, Assaf and Rubin, Daniel},
  year={2018}
}

@article{22lee2017curated,
  title={A curated mammography data set for use in computer-aided detection and diagnosis research},
  author={Lee, Rebecca Sawyer and Gimenez, Francisco and Hoogi, Assaf and Miyake, Kanae Kawai and Gorovoy, Mia and Rubin, Daniel L},
  journal={Scientific data},
  volume={4},
  pages={170177},
  year={2017},
  publisher={Nature Publishing Group}
}

@article{23clark2013cancer,
  title={The Cancer Imaging Archive (TCIA): maintaining and operating a public information repository},
  author={Clark, Kenneth and Vendt, Bruce and Smith, Kirk and Freymann, John and Kirby, Justin and Koppel, Paul and Moore, Stephen and Phillips, Stanley and Maffitt, David and Pringle, Michael and others},
  journal={Journal of digital imaging},
  volume={26},
  number={6},
  pages={1045--1057},
  year={2013},
  publisher={Springer}
}

@inproceedings{24dhungel2017fully,
  title={Fully automated classification of mammograms using deep residual neural networks},
  author={Dhungel, Neeraj and Carneiro, Gustavo and Bradley, Andrew P},
  booktitle={2017 IEEE 14th International Symposium on Biomedical Imaging (ISBI 2017)},
  pages={310--314},
  year={2017},
  organization={IEEE}
}

@article{25carneiroautomated,
  title={Automated Mass Detection from Mammograms using Deep Learning and Random Forest},
  author={Carneiro, Neeraj Dhungel1 Gustavo and Bradley, Andrew P}
}

@article{26geras2017high,
  title={High-resolution breast cancer screening with multi-view deep convolutional neural networks},
  author={Geras, Krzysztof J and Wolfson, Stacey and Shen, Yiqiu and Kim, S and Moy, Linda and Cho, Kyunghyun},
  journal={arXiv preprint arXiv:1703.07047},
  year={2017}
}

@article{27moreira2012inbreast,
  title={Inbreast: toward a full-field digital mammographic database},
  author={Moreira, In{\^e}s C and Amaral, Igor and Domingues, In{\^e}s and Cardoso, Ant{\'o}nio and Cardoso, Maria Joao and Cardoso, Jaime S},
  journal={Academic radiology},
  volume={19},
  number={2},
  pages={236--248},
  year={2012},
  publisher={Elsevier}
}

@article{28ribli2018detecting,
  title={Detecting and classifying lesions in mammograms with deep learning},
  author={Ribli, Dezs{\H{o}} and Horv{\'a}th, Anna and Unger, Zsuzsa and Pollner, P{\'e}ter and Csabai, Istv{\'a}n},
  journal={Scientific reports},
  volume={8},
  number={1},
  pages={4165},
  year={2018},
  publisher={Nature Publishing Group}
}

@article{29ribli2018detecting,
  title={Detecting and classifying lesions in mammograms with deep learning},
  author={Ribli, Dezs{\H{o}} and Horv{\'a}th, Anna and Unger, Zsuzsa and Pollner, P{\'e}ter and Csabai, Istv{\'a}n},
  journal={Scientific reports},
  volume={8},
  number={1},
  pages={4165},
  year={2018},
  publisher={Nature Publishing Group}
}

@inproceedings{30ren2015faster,
  title={Faster r-cnn: Towards real-time object detection with region proposal networks},
  author={Ren, Shaoqing and He, Kaiming and Girshick, Ross and Sun, Jian},
  booktitle={Advances in neural information processing systems},
  pages={91--99},
  year={2015}
}

@article{31鲍润贤2002中华影像医学乳腺卷,
  title={中华影像医学乳腺卷},
  author={鲍润贤},
  journal={北京: 人民卫生出版社},
  volume={66},
  pages={E2},
  year={2002}
}

@inproceedings{32redmon2016you,
  title={You only look once: Unified, real-time object detection},
  author={Redmon, Joseph and Divvala, Santosh and Girshick, Ross and Farhadi, Ali},
  booktitle={Proceedings of the IEEE conference on computer vision and pattern recognition},
  pages={779--788},
  year={2016}
}

@inproceedings{33dai2017deformable,
  title={Deformable convolutional networks},
  author={Dai, Jifeng and Qi, Haozhi and Xiong, Yuwen and Li, Yi and Zhang, Guodong and Hu, Han and Wei, Yichen},
  booktitle={Proceedings of the IEEE international conference on computer vision},
  pages={764--773},
  year={2017}
}

@article{34Dietterich1997Solving,
  title={Solving the multiple instance problem with axis-parallel rectangles},
  author={Dietterich, Thomas G. and Lathrop, Richard H. and Lozano-Pérez, Tomás},
  journal={Artificial Intelligence},
  volume={89},
  number={1–2},
  pages={31-71},
  year={1997},
}

@book{35Bradley1997The,
  title={The use of the area under the ROC curve in the evaluation of machine learning algorithms},
  author={Bradley, Andrew P.},
  year={1997},
}

@article{36Redmon2015You,
  title={You Only Look Once: Unified, Real-Time Object Detection},
  author={Redmon, Joseph and Divvala, Santosh and Girshick, Ross and Farhadi, Ali},
  year={2015},
}

@inproceedings{37Liu2016SSD,
  title={SSD: Single Shot MultiBox Detector},
  author={Liu, Wei and Anguelov, Dragomir and Erhan, Dumitru and Szegedy, Christian and Reed, Scott and Fu, Cheng Yang and Berg, Alexander C.},
  booktitle={European Conference on Computer Vision},
  year={2016},
}

@article{38Ba2013Do,
  title={Do Deep Nets Really Need to be Deep?},
  author={Ba, Lei Jimmy and Caruana, Rich},
  journal={Advances in Neural Information Processing Systems},
  pages={2654-2662},
  year={2013},
}

@article{39lecun1998gradient,
  title={Gradient-based learning applied to document recognition},
  author={LeCun, Yann and Bottou, L{\'e}on and Bengio, Yoshua and Haffner, Patrick and others},
  journal={Proceedings of the IEEE},
  volume={86},
  number={11},
  pages={2278--2324},
  year={1998},
  publisher={Taipei, Taiwan}
}

@inproceedings{40girshick2014rich,
  title={Rich feature hierarchies for accurate object detection and semantic segmentation},
  author={Girshick, Ross and Donahue, Jeff and Darrell, Trevor and Malik, Jitendra},
  booktitle={Proceedings of the IEEE conference on computer vision and pattern recognition},
  pages={580--587},
  year={2014}
}

@inproceedings{41girshick2015fast,
  title={Fast r-cnn},
  author={Girshick, Ross},
  booktitle={Proceedings of the IEEE international conference on computer vision},
  pages={1440--1448},
  year={2015}
}

@inproceedings{42chopra2005learning,
  title={Learning a similarity metric discriminatively, with application to face verification},
  author={Chopra, Sumit and Hadsell, Raia and LeCun, Yann and others},
  booktitle={CVPR (1)},
  pages={539--546},
  year={2005}
}

@article{43zhou2017brief,
  title={A brief introduction to weakly supervised learning},
  author={Zhou, Zhi-Hua},
  journal={National Science Review},
  volume={5},
  number={1},
  pages={44--53},
  year={2017},
  publisher={Oxford University Press}
}

@article{44dietterich1997solving,
  title={Solving the multiple instance problem with axis-parallel rectangles},
  author={Dietterich, Thomas G and Lathrop, Richard H and Lozano-P{\'e}rez, Tom{\'a}s},
  journal={Artificial intelligence},
  volume={89},
  number={1-2},
  pages={31--71},
  year={1997},
  publisher={Elsevier}
}

@article{45foulds2010review,
  title={A review of multi-instance learning assumptions},
  author={Foulds, James and Frank, Eibe},
  journal={The Knowledge Engineering Review},
  volume={25},
  number={1},
  pages={1--25},
  year={2010},
  publisher={Cambridge University Press}
}

@article{46zhou2006multi,
  title={Multi-instance learning from supervised view},
  author={Zhou, Zhi-Hua},
  journal={Journal of Computer Science and Technology},
  volume={21},
  number={5},
  pages={800--809},
  year={2006},
  publisher={Springer}
}

@article{47zhou2007solving,
  title={Solving multi-instance problems with classifier ensemble based on constructive clustering},
  author={Zhou, Zhi-Hua and Zhang, Min-Ling},
  journal={Knowledge and Information Systems},
  volume={11},
  number={2},
  pages={155--170},
  year={2007},
  publisher={Springer}
}
@article{48amores2013multiple,
  title={Multiple instance classification: Review, taxonomy and comparative study},
  author={Amores, Jaume},
  journal={Artificial intelligence},
  volume={201},
  pages={81--105},
  year={2013},
  publisher={Elsevier}
}

@inproceedings{49zhou2007relation,
  title={On the relation between multi-instance learning and semi-supervised learning},
  author={Zhou, Zhi-Hua and Xu, Jun-Ming},
  booktitle={Proceedings of the 24th international conference on Machine learning},
  pages={1167--1174},
  year={2007},
  organization={ACM}
}

@inproceedings{50zhou2009multi,
  title={Multi-instance learning by treating instances as non-iid samples},
  author={Zhou, Zhi-Hua and Sun, Yu-Yin and Li, Yu-Feng},
  booktitle={Proceedings of the 26th annual international conference on machine learning},
  pages={1249--1256},
  year={2009},
  organization={ACM}
}

@article{51chen2004image,
  title={Image categorization by learning and reasoning with regions},
  author={Chen, Yixin and Wang, James Z},
  journal={Journal of Machine Learning Research},
  volume={5},
  number={Aug},
  pages={913--939},
  year={2004}
}

@inproceedings{52zhang2002content,
  title={Content-based image retrieval using multiple-instance learning},
  author={Zhang, Qi and Goldman, Sally A and Yu, Wei and Fritts, Jason E},
  booktitle={ICML},
  volume={1},
  pages={2},
  year={2002},
  organization={Citeseer}
}

@article{53tang2010image,
  title={Image annotation by graph-based inference with integrated multiple/single instance representations},
  author={Tang, Jinhui and Li, Haojie and Qi, Guo-Jun and Chua, Tat-Seng},
  journal={IEEE Transactions on Multimedia},
  volume={12},
  number={2},
  pages={131--141},
  year={2010},
  publisher={IEEE}
}

@inproceedings{54dundar2007multiple,
  title={Multiple instance learning for computer aided diagnosis},
  author={Dundar, Murat and Krishnapuram, Balaji and Rao, RB and Fung, Glenn M},
  booktitle={Advances in neural information processing systems},
  pages={425--432},
  year={2007}
}

@inproceedings{55zhang2006multiple,
  title={Multiple instance boosting for object detection},
  author={Zhang, Cha and Platt, John C and Viola, Paul A},
  booktitle={Advances in neural information processing systems},
  pages={1417--1424},
  year={2006}
}

@article{56felzenszwalb2010object,
  title={Object detection with discriminatively trained part-based models},
  author={Felzenszwalb, Pedro F and Girshick, Ross B and McAllester, David and Ramanan, Deva},
  journal={IEEE transactions on pattern analysis and machine intelligence},
  volume={32},
  number={9},
  pages={1627--1645},
  year={2010},
  publisher={IEEE}
}

@article{57zhu2015unsupervised,
  title={Unsupervised object class discovery via saliency-guided multiple class learning},
  author={Zhu, Jun-Yan and Wu, Jiajun and Xu, Yan and Chang, Eric and Tu, Zhuowen},
  journal={IEEE transactions on pattern analysis and machine intelligence},
  volume={37},
  number={4},
  pages={862--875},
  year={2015},
  publisher={IEEE}
}

@article{58zhu2015unsupervised,
  title={Unsupervised object class discovery via saliency-guided multiple class learning},
  author={Zhu, Jun-Yan and Wu, Jiajun and Xu, Yan and Chang, Eric and Tu, Zhuowen},
  journal={IEEE transactions on pattern analysis and machine intelligence},
  volume={37},
  number={4},
  pages={862--875},
  year={2015},
  publisher={IEEE}
}

@article{59dietterich1997solving,
  title={Solving the multiple instance problem with axis-parallel rectangles},
  author={Dietterich, Thomas G and Lathrop, Richard H and Lozano-P{\'e}rez, Tom{\'a}s},
  journal={Artificial intelligence},
  volume={89},
  number={1-2},
  pages={31--71},
  year={1997},
  publisher={Elsevier}
}

@inproceedings{60xu2004logistic,
  title={Logistic regression and boosting for labeled bags of instances},
  author={Xu, Xin and Frank, Eibe},
  booktitle={Pacific-Asia conference on knowledge discovery and data mining},
  pages={272--281},
  year={2004},
  organization={Springer}
}

@article{61chen2006miles,
  title={MILES: Multiple-instance learning via embedded instance selection},
  author={Chen, Yixin and Bi, Jinbo and Wang, James Ze},
  journal={IEEE Transactions on Pattern Analysis and Machine Intelligence},
  volume={28},
  number={12},
  pages={1931--1947},
  year={2006},
  publisher={IEEE}
}

@inproceedings{62he2017mask,
  title={Mask r-cnn},
  author={He, Kaiming and Gkioxari, Georgia and Doll{\'a}r, Piotr and Girshick, Ross},
  booktitle={Proceedings of the IEEE international conference on computer vision},
  pages={2961--2969},
  year={2017}
}

@article{63pan2010survey,
  title={A survey on transfer learning},
  author={Pan, Sinno Jialin and Yang, Qiang},
  journal={IEEE Transactions on knowledge and data engineering},
  volume={22},
  number={10},
  pages={1345--1359},
  year={2010},
  publisher={IEEE}
}

@inproceedings{64hu2018squeeze,
  title={Squeeze-and-excitation networks},
  author={Hu, Jie and Shen, Li and Sun, Gang},
  booktitle={Proceedings of the IEEE conference on computer vision and pattern recognition},
  pages={7132--7141},
  year={2018}
}

@article{65bellet2013survey,
  title={A survey on metric learning for feature vectors and structured data},
  author={Bellet, Aur{\'e}lien and Habrard, Amaury and Sebban, Marc},
  journal={arXiv preprint arXiv:1306.6709},
  year={2013}
}

@inproceedings{66dai2017deformable,
  title={Deformable convolutional networks},
  author={Dai, Jifeng and Qi, Haozhi and Xiong, Yuwen and Li, Yi and Zhang, Guodong and Hu, Han and Wei, Yichen},
  booktitle={Proceedings of the IEEE international conference on computer vision},
  pages={764--773},
  year={2017}
}

@inproceedings{al2017detection,
  title={Detection and classification of the breast abnormalities in digital mammograms via regional convolutional neural network},
  author={Al-masni, Mohammed A and Al-antari, Mugahed A and Park, JM and Gi, Geon and Kim, Tae-Yeon and Rivera, Patricio and Valarezo, Edwin and Han, S-M and Kim, T-S},
  booktitle={2017 39th Annual International Conference of the IEEE Engineering in Medicine and Biology Society (EMBC)},
  pages={1230--1233},
  year={2017},
  organization={IEEE}
}

@article{郑光远2018医学影像计算机辅助检测与诊断系统综述,
  title={医学影像计算机辅助检测与诊断系统综述},
  author={郑光远 and 刘峡壁 and 韩光辉},
  journal={软件学报},
  volume={29},
  number={5},
  pages={1471--1514},
  year={2018}
}

@article{胡从依2015数字化乳腺,
  title={数字化乳腺 X 线摄影评估乳腺密度, 诊断乳腺癌的研究进展},
  author={胡从依 and 柳杰 and 刘佩芳},
  journal={中国医学影像技术},
  volume={31},
  number={10},
  pages={1601--1604},
  year={2015}
}

@phdthesis{杨秋红2005乳腺癌的影像学诊断及进展,
  title={乳腺癌的影像学诊断及进展},
  author={杨秋红 and 孙一兵},
  year={2005}
}
%---------------------------------------------------------------------------%
